

@article{sanchez2015modelacion,
  title={Modelaci{\'o}n Tabular: una alternativa sugerente para el an{\'a}lisis de los datos},
  author={S{\'a}nchez, Mait{\'e} Torres and Cervantes, Yissel Espinosa and Cuevas, Alina Sim{\'o}n and Hern{\'a}ndez, Lucina Garc{\'\i}a and Cuevas, Alfredo J Sim{\'o}n},
  journal={Ciencias de la Informaci{\'o}n},
  volume={46},
  number={1},
  pages={3--10},
  year={2015},
  publisher={Instituto de Informaci{\'o}n Cient{\'\i}fica y Tecnol{\'o}gica}
}

@article{cuevas2016comparing,
	title={Comparing Tabular and Multidimentional Model in a real BI solution},
	author={Cuevas, Alina Simon and Sanchez, Maite Torres and Hernandez, Lucina Garcia and Cuevas, Alfredo Simon and Suarez, Raudel Ravelo},
	journal={IEEE Latin America Transactions},
	volume={14},
	number={7},
	pages={3393--3399},
	year={2016},
	publisher={IEEE}
}


@article{ramos2016data,
	title={Data Warehouse, Data Marts y Modelos Dimensionales},
	author={Ramos, Salvador},
	journal={SolidQ Global},
	year={2016}
}

@article{cedeno2006modelo,
	title={Modelo multidimensional},
	author={Cede{\~n}o Trujillo, Alexis},
	journal={Ingenier{\'\i}a Industrial},
	volume={27},
	number={1},
	year={2006},
	publisher={Instituto Superior Polit{\'e}cnico Jos{\'e} Antonio Echeverr{\'\i}a}
}
